% Angaben der Felder je Typ https://www.openoffice.org/bibliographic/bibtex-defs.html

@book{pro_git,
    author        = {Scott, Chacon and Ben, Straub},
    title         = {Pro Git},
    year          = {2010},
    publisher     = {Apress},
    edition       = {2}
}

@book{mercurial_guide,
    author        = {Bryan, O'Sullivan},
    title         = {Mercurial: The Definitive Guide},
    year          = {2009},
    publisher     = {O’Reilly Media}
}

@book{book:svn,
    author        = {C. Michael, Pilato and Ben, Collins-Sussman and Brian, W.},
    title         = {Version Control with Subversion: Next Generation Open Source Version Control},
    year          = {2008},
    publisher     = {O’Reilly Media},
    edition       = {2}
}

@book{Grassmuck2004,
    author = { Grassmuck, Volker },
    year = { 2004 },
    isbn = { 3893315691 },
    url = { https://mediarep.org/handle/doc/4317 },
    language = { deu },
    publisher = { Bundeszentrale für politische Bildung },
    copyright = { https://creativecommons.org/licenses/by-nc-sa/2.0 },
    title = { Freie Software. Zwischen Privat- und Gemeineigentum },
    doi = { http://dx.doi.org/10.25969/mediarep/3575 },
}

@article{art:transition,
    author        = {Kivanc, Muslu and Christian, Bird and Nachiappan , Nagappan and Jacek, Czerwonka},
    title         = {Transition from centralized to decentralized version control systems: a case study on reasons, barriers, and outcomes},
    journal       = {ICSE},
    year          = {2014}
}

@online{git_vs_mer,
    author = {Antti Kirmanen},
    title = {Git oder Mercurial: Was sollte man nutzen?},
    year = 2017,
    url = {https://entwickler.de/online/development/git-mercurial-versionskontrollsystem-vergleich-579792235.html},
    urldate = {2019-05-29}
}

@online{online:intro,
    author = {Kalid Azad},
    title = {Intro to Distributed Version Control},
    year = {o. J.},
    url = {https://betterexplained.com/articles/intro-to-distributed-version-control-illustrated/},
    urldate = {2019-05-31}
}

@article{10.1371/journal.pcbi.1004668,
    author = {Blischak, John D. AND Davenport, Emily R. AND Wilson, Greg},
    journal = {PLOS Computational Biology},
    publisher = {Public Library of Science},
    title = {A Quick Introduction to Version Control with Git and GitHub},
    year = {2016},
    month = {01},
    volume = {12},
    url = {https://doi.org/10.1371/journal.pcbi.1004668},
    pages = {1-18},
    abstract = {},
    number = {1},
    doi = {10.1371/journal.pcbi.1004668}
}